
@inproceedings{FaustLive,
author={Denoux, S. and Letz, S. and Orlarey, Y. and Fober, D.},
year={2014},
title={FAUSTLIVE Just-In-Time Faust Compiler... and much more},
publisher={Linux Audio Conference}
}

@inproceedings{CCC,
author={Letz, S. and Denoux, S. and Orlarey, Y. and Fober, D.},
year={2014},
title={Audio Rendering/Processing and Control Ubiquity ? a Solution Built Using the Faust Dynamic Compiler and JACK/NetJack},
publisher={ICMC}
}
